% Encoding: UTF-8
% TRUE REFERENCES

@Book{ Videogames_IntroductionToTheIndutry,
	author       = "Andy Bossom and Ben Dunning",
	title        = "Video games: an introduction to the industry",
	publisher    = "Fairchild Books, An imprint of Bloomsbury Publishing PLC",
	year         = "2016",
	edition      = "Fifth",
	isbn         = "978-1-4725-6711-6",
}

@online{RoyalGameUr_rules,
    url = {https://royalur.net/rules},
    note      = {Accessed: January 4, 2024},
    keywords = {Rules of how to play, Game of Ur},
    title = {Rules of the Royal Game of Ur},
}

@online{videogame_oed,
  title     = {Videogame},
  author    = {{Oxford English Dictionary}},
  howpublished = {Oxford University Press},
  year      = {2023},
  url       = {https://doi.org/10.1093/OED/5546735918},
  note      = {Accessed: January 4, 2024},
}

@Book{ Handbook_ComputerGame_Studies,
	author       = "Joost Raessens and Jeffrey Goldstein",
	title        = "Handbook of Computer Game Studies",
	publisher    = "MIT Press",
	year         = "2005",
	edition      = "First MIT Press paperback edition",
	isbn         = "0-262-18240-8",
}

@online{TwitchRevenue2023,
  author       = {Iqbal, Mansoor},
  title        = {Twitch Revenue and Usage Statistics (2023)},
  year         = {2023},
  url          = {https://www.businessofapps.com/data/twitch-statistics/},
  note         = {Accessed: January 4, 2024}
}

@online{TwitchAudience,
    author = "David M. Ewalt",
    title = "How Big Is Twitch's Audience? Huge.",
    url  = "https://www.forbes.com/sites/davidewalt/2014/01/16/twitch-streaming-video-audience-growth/",
    addendum = "(Accessed: January 4, 2024)",
}

@inproceedings{VideogamesDataSurvey,
    title        = {A data driven survey of video games},
    author       = {John Smith and Jane Doe},
    year         = {2020},
    month        = {June},
    booktitle    = {2020 12th International Conference on Electronics, Computers and Artificial Intelligence (ECAI)},
    publisher    = {IEEE},
    address      = {Bucharest, Romania},
    pages        = {1-6},
    doi          = {10.1109/ECAI50035.2020.9223203},
    isbn         = {978-1-72816-843-2}
}

@Article{ COVID-19Pandemic_on_Live-Stream_Broadcasters_Twitch,
	title        = "When a Pandemic Enters the Game: The Initial and Prolonged Impact of
the COVID-19 Pandemic on Live-Stream Broadcasters on Twitch",
	author       = "Alexei Scerbakov, Johanna Pirker and Frank Kappe",
	publisher    = "ACM",
	address      = "New York, NY, USA",
	journal      = "Hawaii International Conference on System Sciences",
	year         = "2022",
	doi          = "10.24251/HICSS.2022.391",
}

@inproceedings{Twitch_streaming_platform,
    title        = {Behind the game: Exploring the twitch streaming platform},
    author       = {Jie Deng, Felix Cuadrado, Gareth Tyson and Steve Uhlig},
    year         = {2015},
    month        = {December},
    booktitle    = {2015 International Workshop on Network and Systems Support for Games (NetGames)},
    publisher    = {IEEE},
    address      = {Zagreb, Croatia},
    pages        = {1-6},
    doi          = {10.1109/NetGames.2015.7382994},
    isbn         = {978-1-5090-0068-5}
}

@online{TwitchEngineering,
    author = "Twitch",
    title = "Twitch State of Engineering 2023",
    url  = "https://blog.twitch.tv/en/2023/09/28/twitch-state-of-engineering-2023/",
    addendum = "(Accessed: January 10, 2024)",
}

@Article{BroadcatedGames_analysis_LOL,
	title        = "On broadcasted game video analysis: event detection, highlight detection, and highlight forecast",
	author       = "Wei-Ta Chu and Yung-Chieh Chou",
	publisher    = "Multimedia Tools and Applications",
	address      = "New York, NY, USA",
	journal      = "Springer Science Business Media",
	year         = "2017",
        month        = "April",
	doi          = "10.1007/s11042-016-3577-x",
        URL          = "http://link.springer.com/10.1007/s11042-016-3577-x"
}

@Article{RTS_soccer_analytics,
	title        = "Bagadus: An integrated real-time system for soccer analytics",
	author       = "Håkon Kvale Stensland, Vamsidhar Reddy Gaddam, Marius Tennøe, Espen Helgedagsrud, Mikkel Næss, Henrik Kjus Alstad, Asgeir Mortensen, Ragnar Langseth, Sigurd Ljødal, Østein Landsverk, Carsten Griwodz, Pål Halvorsen, Magnus Stenhaug and Dag Johansen",
	publisher    = "ACM Transactions on Multimedia Computing, Communications, and Applications",
        volume       = "10",
        issue        = "1s",
        pages        = "1-21",
	journal      = "ACM Trans. Multimedia Comput. Commun. Appl.",
	year         = "2014",
        month        = "January",
	doi          = "10.1145/2541011",
        ISSN         = "1551-6857, 1551-6865",
        URL          = "https://dl.acm.org/doi/10.1145/2541011"
}

@Article{AutomaticEventDetectionTennis,
	title        = "Automatic event detection for tennis broadcasting",
	author       = "Javier Enebral González and Francesc Tarrés Ruiz",
	year         = "2011",
        month        = "July",
        URL          = "http://hdl.handle.net/2099.1/12564"
}

@Book{ ComputerVisionInSports,
	author       = "Thomas B. Moeslund, Graham Thomas and Adrian Hilton",
	title        = "Computer Vision in Sports",
	publisher    = "Springer International Publishing",
	year         = "2014",
	isbn         = "978-3-319-09395-6 978-3-319-09396-3",
        url          = "https://link.springer.com/10.1007/978-3-319-09396-3"
}

@article{interaction_between_modules_in_learning_systems_for_vision_applications,
        title = "{(PDF) INTERACTION BETWEEN MODULES IN LEARNING SYSTEMS FOR VISION APPLICATIONS}",
        author = "Amit Sethi",
        year = "2014",
}

@Article{SOCCER_VIDEO_EVENT_DETECTION,
	title        = "SOCCER VIDEO EVENT DETECTION VIA COLLABORATIVE TEXTUAL, AURAL AND VISUAL ANALYSIS",
	author       = "Alfian Abdul Halin",
	year         = "2011",
        url          = "https://www.academia.edu/15757026/SOCCER_VIDEO_EVENT_DETECTION_VIA_COLLABORATIVE_TEXTUAL_AURAL_AND_VISUAL_ANALYSIS",
}

@Article{Crowd-based_Semantic_Event_Detection,
	title        = "Crowd-based Semantic Event Detection and Video Annotation for Sports Videos",
	author       = "Fabio Sulser, Ivan Giangreco and Heiko Schuldt",
	publisher    = "ACM",
	address      = "Orlando Florida USA",
	journal      = "{MM '14: 2014 ACM Multimedia Conference}",
	year         = "2014",
        month        = "November",
	doi          = "10.1145/2660114.2660119",
        isbn         = "978-1-4503-3128-9",
        url          = "https://dl.acm.org/doi/10.1145/2660114.2660119"
}

@Article{EventDetectionAndSummarizationInSoccerVideosUsingBayesianNetworkAndCopula,
	title        = "Event Detection and Summarization in Soccer Videos Using Bayesian Network and Copula",
	author       = "Mostafa Tavassolipour, Mahmood Karimian and Shohreh Kasaei",
	journal    = "IEEE Transactions on Circuits and Systems for Video Technology",
	year         = "2014",
        month        = "February",
	doi          = "10.1109/TCSVT.2013.2243640",
        isbn         = "1051-8215, 1558-2205",
        url          = "http://ieeexplore.ieee.org/document/6422365/"
}

@Article{SoccerVideoSummarizationCinematographyMotionAnalysis,
	title        = "Soccer video summarization based on cinematography and motion analysis",
	author       = "Ngoc Nguyen and Atsuo Yoshitaka",
	journal      = "2014 IEEE 16th International Workshop on Multimedia Signal Processing (MMSP)",
	year         = "2014",
        month        = "September",
	doi          = "10.1109/MMSP.2014.6958804",
        isbn         = "978-1-4799-5896-2",
        url          = "http://ieeexplore.ieee.org/document/6958804/",
        address      = "Jakarta, Indonesia",
}

@Article{ WebcastText_Baseball_Videos,
	title        = "Tagging Webcast Text in Baseball Videos by Video Segmentation and Text Alignment",
	author       = "Chih-Yi Chiu, Po-Chih Lin, Sheng-Yang Li, Tsung-Han Tsai and Yu-Lung Tsai",
	publisher    = "IEEE",
	journal      = "IEEE Trans. Circuits Syst. Video Technol.",
	year         = "2012",
	doi          = "10.1109/TCSVT.2012.2189478",
        url          = "http://ieeexplore.ieee.org/document/6159070/",
}

@Article{ PlayerTrackingInBroadcastBasketballVideo,
	title        = "Robust Camera Calibration and Player Tracking in Broadcast Basketball Video",
	author       = "Min-Chun Hu, Ming-Hsiu Chang, Ja-Ling Wua and Lin Chi",
	journal      = "IEEE Trans. Multimedia",
	year         = "2011",
	doi          = "10.1109/TMM.2010.2100373",
        url          = "http://ieeexplore.ieee.org/document/5671490/",
}

@Article{ BasketballNovelFramework,
	title        = "Novel framework for sports video analysis: A basketball case study",
	author       = "Chun-Min Chen and Ling-Hwei Chen",
        publisher    = "IEEE",
	journal      = "2014 IEEE International Conference on Image Processing (ICIP)",
	year         = "2014",
	doi          = "10.1109/ICIP.2014.7025193",
        url          = "http://ieeexplore.ieee.org/document/7025193/",
}

@Article{AutomaticDetectionGoalSegmentsBasketball,
	title        = "Automatic Detection of ‘Goal’ Segments in Basketball Videos",
	author       = "Surya Nepal, Uma Srinivasan and Graham Reynolds",
	journal      = "MULTIMEDIA '01: Proceedings of the ninth ACM international conference on Multimedia",
	year         = "2001",
        month        = "October",
	doi          = "https://doi.org/10.1145/500141.500181",
        URL          = "https://dl.acm.org/doi/abs/10.1145/500141.500181"
}

@Article{AutomaticextractionHighlightsBaseball,
	title        = "Automatically extracting highlights for TV Baseball programs",
	author       = "Yong Rui, Anoop Gupta and Alex Acero",
	journal      = "MM00: ACM Multimedia 2000",
	year         = "2000",
        month        = "October",
	doi          = "10.1145/354384.354443",
        URL          = "https://dl.acm.org/doi/10.1145/354384.354443"
}

@Article{AudioKeywordsSoccerVideo,
	title        = "Creating audio keywords for event detection in soccer video",
	author       = "Min Xu, N.C. Maddage, Changsheng Xu, M. Kankanhalli and Qi Tian",
        publisher = "IEEE",
	journal      = "2003 International Conference on Multimedia and Expo. ICME '03. Proceedings (Cat. No.03TH8698)",
	year         = "2003",
        month        = "October",
        address      = "Baltimore, MD, USA",
	doi          = "10.1109/ICME.2003.1221608",
        URL          = "http://ieeexplore.ieee.org/document/1221608/"
}

@Article{AudioKeywordsSportsAnalysis,
	title        = "Audio keyword generation for sports video analysis",
	author       = "Min Xu, Ling-Yu Duan, Liang-Tien Chia and Chang-sheng Xu",
        publisher    = "ACM",
	journal      = "MM04: 2004 12th Annual ACM International Conference on Multimedia",
	year         = "2004",
        month        = "October",
        address      = "New York NY USA",
	doi          = "10.1145/1027527.1027702",
        URL          = "https://dl.acm.org/doi/10.1145/1027527.1027702"
}

@Article{FusionAVFeatures_ExternalInformationSources,
	title        = "Fusion of AV Features and External Information Sources for Event Detection in Team Sports Video",
	author       = "Huaxin Xu and Tat-Seng Chua",
        publisher    = "ACM",
	journal      = "ACM Transactions on Multimedia Computing, Communications, and Applications",
        pages        = "44--67",
	volume       = "2",
	year         = "2006",
        month        = "february",
        address      = "New York NY USA",
	doi          = "https://doi.org/10.1145/1126004.1126007",
        URL          = "https://dl.acm.org/doi/abs/10.1145/1126004.1126007",
}

@InProceedings{ LinearDiscriminantAnalysis,
	author       = "Petros Xanthopoulos, Panos M. Pardalos and Theodore B. Trafalis",
	title        = "Linear Discriminant Analysis",
	booktitle    = "Robust Data Mining",
	year         = "2013",
	isbn         = "978-1-4419-9877-4 978-1-4419-9878-1",
	doi          = "http://doi.acm.org/10.1145/964001.964023",
	publisher    = "Springer New York",
	address      = "New York, NY, USA",
}

@InProceedings{ OptimalMultimodalFusion,
	author       = "Yi Wu, Edward Y. Chang, Kevin Chen-Chuan Chang and John R. Smith",
	title        = "Optimal multimodal fusion for multimedia data analysis",
	journal      = "Proceedings of the 12th annual ACM international conference on Multimedia",
	year         = "2004",
	isbn         = "978-1-58113-893-1",
	pages        = "572-579",
	doi          = "10.1145/1027527.1027665",
	publisher    = "ACM",
	address      = "New York, NY, USA",
}

@InProceedings{ OTRecognition_SoccerConcepts,
	author       = "Alfian Abdul Halin, Mandava Rajeswari and Dhanesh Ramachandram",
	title        = "Overlaid Text Recognition for Matching Soccer-Concept Keywords",
	journal      = "2008 Fifth International Conference on Computer Graphics, Imaging and Visualisation",
	year         = "2008",
	isbn         = "978-1-58113-893-1",
	pages        = "235-241",
	doi          = "10.1109/CGIV.2008.34",
	publisher    = "IEEE",
	address      = "Penang, Malaysia",
}

@Article{OverviewTesseractOCREngine,
	title        = "An overview of Tesseract OCR Engine",
	author       = "Akhil S",
	year         = "2016",
}

@online{SobelOperator,
    author = "Quratulain Memon",
    title = "Sobel operator in digital image processing",
    url  = "https://www.educative.io/answers/sobel-operator-in-digital-image-processing",
    addendum = "(Accessed: January 4, 2024)",
}

@online{MorphologicalTransformations,
    author = "OpenCV",
    title = "OpenCV: Morphological Transformations",
    url  = "https://docs.opencv.org/4.x/d9/d61/tutorial_py_morphological_ops.html",
    addendum = "(Accessed: January 4, 2024)",
}

@online{ThresholdingOperations,
    author = "OpenCV",
    title = "OpenCV: Thresholding Operations using inRange",
    url  = "https://docs.opencv.org/3.4/da/d97/tutorial_threshold_inRange.html",
    addendum = "(Accessed: January 4, 2024)",
}

@Article{ ThresholdSelectionMethod,
	title        = "A Threshold Selection Method from Gray-Level Histograms",
	author       = "Nobuyuki Otsu",
	publisher    = "IEEE",
	journal      = "IEEE Transactions on Systems, Man, and Cybernetics",
	pages        = "62 - 66",
	volume       = "9",
	number       = "1",
	year         = "1979",
	doi          = "10.1109/TSMC.1979.4310076",
}

@online{NVIDIA_GeForce,
    author = "NVIDIA",
    title = "GeForce Experience",
    url  = "https://www.nvidia.com/en-us/geforce/geforce-experience/",
    addendum = "(Accessed: January 10, 2024)",
}

@online{TwitchVSYoutube,
    author = "LUKE SIUTY",
    title = "Twitch vs YouTube: Which Platform is Right for Your Game Stream?",
    url  = "https://steelseries.com/blog/twitch-vs-youtube-which-platform-is-right-for-your-game-stream-1018",
    addendum = "(Accessed: January 10, 2024)",
}

@online{EsportsLiveStreamingPlatforms,
    author = "Esports Charts",
    title = "All video game streaming sites & platforms | Esports Charts",
    url  = "https://escharts.com/platforms",
    addendum = "(Accessed: January 10, 2024)",
}


%% EXAMPLES

@InProceedings{ Artho04,
	author       = "Cyrille Artho and Klaus Havelund and Armin Biere",
	title        = "Using Block-Local Atomicity to Detect Stale-Value Concurrency Errors",
	booktitle    = "ATVA",
	year         = "2004",
	pages        = "150--164",
	crossref     = "DBLP:conf/atva/2004",
	bibsource    = "DBLP, http://dblp.uni-trier.de",
	ee           = "http://springerlink.metapress.com/openurl.asp?genre=article{\&}issn=0302-9743{\&}volume=3299{\&}spage=150",
}

@online{ Parkins2017,
	author       = "Parkins, David",
	booktitle    = "Economist (United Kingdom)",
	issn         = "00130613",
	mendeley     = "I4.0/BigData",
	number       = "9035",
	title        = "{Regulating the internet giants: The world's most valuable resource is no longer oil, but data}",
	url          = "https://www.economist.com/leaders/2017/05/06/the-worlds-most-valuable-resource-is-no-longer-oil-but-data?fbclid=IwAR1EaO3g6OJoDuhrHBNyqQJAqR2NyhvcZ07uexTWa3Hujq0azNMVHKhQido",
	urldate      = "2020-01-21",
	volume       = "413",
	year         = "2017",
}

@Misc{ Artho03,
	author       = "C. Artho and K. Havelund and A. Biere",
	title        = "High-Level Data Races",
	text         = "C. Artho, K. Havelund, and A. Biere. High-Level Data Races. In VVEIS'03, The First International Workshop on Verification and Validation of Enterprise Information Systems, April 2003. Angers, France.",
	year         = "2003",
	url          = "citeseer.ist.psu.edu/artho03highlevel.html",
}

@Article{ Beckman08,
	title        = "Verifying Correct Usage of Atomic Blocks and Typestate",
	author       = "Nels E. Beckman and Kevin Bierhoff and Jonathan Aldrich",
	publisher    = "ACM",
	address      = "New York, NY, USA",
	journal      = "SIGPLAN Not.",
	pages        = "227--244",
	volume       = "43",
	number       = "10",
	year         = "2008",
	issn         = "0362-1340",
	doi          = "http://doi.acm.org/10.1145/1449955.1449783",
}

@InProceedings{ Flanagan04,
	author       = "Cormac Flanagan and Stephen N Freund",
	title        = "Atomizer: a dynamic atomicity checker for multithreaded programs",
	booktitle    = "POPL '04: Proceedings of the 31st ACM SIGPLAN-SIGACT symposium on Principles of programming languages",
	year         = "2004",
	isbn         = "1-58113-729-X",
	pages        = "256--267",
	location     = "Venice, Italy",
	doi          = "http://doi.acm.org/10.1145/964001.964023",
	publisher    = "ACM",
	address      = "New York, NY, USA",
}

@Misc{ IBM-Rep,
	title        = "{IBM's Concurrency Testing Repository}",
}

@InProceedings{ Praun03,
	author       = "Christoph {von Praun} and Thomas R. Gross",
	title        = "Static Detection of Atomicity Violations in Object-Oriented Programs",
	booktitle    = "Journal of Object Technology",
	year         = "2003",
	pages        = "2004",
}

@InProceedings{ Shavit95,
	author       = "Nir Shavit and Dan Touitou",
	title        = "Software transactional memory",
	booktitle    = "PODC '95: Proceedings of the fourteenth annual ACM symposium on Principles of distributed computing",
	year         = "1995",
	isbn         = "0-89791-710-3",
	pages        = "204--213",
	location     = "Ottowa, Ontario, Canada",
	doi          = "http://doi.acm.org/10.1145/224964.224987",
	publisher    = "ACM",
	address      = "New York, NY, USA",
}

@Book{ Silberschatz06,
	author       = "Abraham Silberschatz and Henry F. Korth and S. Sudarshan",
	title        = "Database System Concepts",
	publisher    = "McGraw-Hill",
	year         = "2006",
	edition      = "Fifth",
	isbn         = "007-124476-X",
}

@Book{ Moss85,
	author       = "J. Eliot B. Moss",
	title        = "Nested transactions: an approach to reliable distributed computing",
	year         = "1985",
	isbn         = "0-262-13200-1",
	publisher    = "Massachusetts Institute of Technology",
	address      = "Cambridge, MA, USA",
}

@Proceedings{ DBLP:conf/atva/2004,
	editor       = "Farn Wang",
	title        = "Automated Technology for Verification and Analysis: Second International Conference, ATVA 2004, Taipei, Taiwan, ROC, October 31-November 3, 2004. Proceedings",
	booktitle    = "ATVA",
	publisher    = "Springer",
	series       = "Lecture Notes in Computer Science",
	volume       = "3299",
	year         = "2004",
	isbn         = "3-540-23610-4",
	bibsource    = "DBLP, http://dblp.uni-trier.de",
}

@InProceedings{ecoop12-dias,
	author       = "Dias, Ricardo J. and Distefano, Dino and Seco, J. C. and Lourenço, João M.",
	booktitle    = "Proceedings of the 26th European conference on Object-oriented programming ({ECOOP}'12)",
	title        = "Verification of Snapshot Isolation in Transactional Memory Java Programs",
	year         = "2012",
	month        = jun,
	publisher    = "Springer-Verlag",
}

@online{wiki:shuntingyard,
    author = "Wikipedia contributors",
    title = "Shunting-yard algorithm --- Wikipedia{,} The Free Encyclopedia",
    year = "2017",
    month = "3",
    url = "https://en.wikipedia.org/w/index.php?title=Shunting-yard_algorithm&oldid=817901155",
    urldate = {2018-03-01},
    keywords  = "Dijkstra,prefix"
}

@online{bison,
    url = {https://www.gnu.org/software/bison/},
    urldate = {2020-07-26},
    keywords = {parser,generator},
    title = {Gnu Bison},
}

@online{flex,
    url = {https://github.com/westes/flex},
    urldate = {2020-07-26},
    keywords = {lexical,analyser},
    title = {Fast Lexical Analyser},
}

 @Manual{novathesis-manual,
    title        = "{The NOVAthesis Template User's Manual}",
    author       = "João M. Lourenço",
    organization = "NOVA University Lisbon",
    year         = "2021",
    url          = "https://github.com/joaomlourenco/novathesis/raw/main/template.pdf",
}
